%YAML 1.1
%TAG !u! tag:unity3d.com,2011:
--- !u!1 &800321623363834163
GameObject:
  m_ObjectHideFlags: 0
  m_CorrespondingSourceObject: {fileID: 0}
  m_PrefabInstance: {fileID: 0}
  m_PrefabAsset: {fileID: 0}
  serializedVersion: 6
  m_Component:
  - component: {fileID: 3412149584582755103}
  m_Layer: 0
  m_Name: GameObject
  m_TagString: Untagged
  m_Icon: {fileID: 0}
  m_NavMeshLayer: 0
  m_StaticEditorFlags: 0
  m_IsActive: 1
--- !u!4 &3412149584582755103
Transform:
  m_ObjectHideFlags: 0
  m_CorrespondingSourceObject: {fileID: 0}
  m_PrefabInstance: {fileID: 0}
  m_PrefabAsset: {fileID: 0}
  m_GameObject: {fileID: 800321623363834163}
  m_LocalRotation: {x: 0, y: 0, z: 0, w: 1}
  m_LocalPosition: {x: 0, y: 0, z: 0}
  m_LocalScale: {x: 1, y: 1, z: 1}
  m_Children:
  - {fileID: 6505264662368259004}
  - {fileID: 3361659064940110731}
  - {fileID: 7264541156429835046}
  m_Father: {fileID: 7642602713501105761}
  m_RootOrder: 0
  m_LocalEulerAnglesHint: {x: 0, y: 0, z: 0}
--- !u!1 &1622671598867647609
GameObject:
  m_ObjectHideFlags: 0
  m_CorrespondingSourceObject: {fileID: 0}
  m_PrefabInstance: {fileID: 0}
  m_PrefabAsset: {fileID: 0}
  serializedVersion: 6
  m_Component:
  - component: {fileID: 7264541156429835046}
  - component: {fileID: 8941928515575561125}
  - component: {fileID: 3120434288043749799}
  - component: {fileID: 9154641022750806486}
  m_Layer: 0
  m_Name: Cube (2)
  m_TagString: Untagged
  m_Icon: {fileID: 0}
  m_NavMeshLayer: 0
  m_StaticEditorFlags: 0
  m_IsActive: 1
--- !u!4 &7264541156429835046
Transform:
  m_ObjectHideFlags: 0
  m_CorrespondingSourceObject: {fileID: 0}
  m_PrefabInstance: {fileID: 0}
  m_PrefabAsset: {fileID: 0}
  m_GameObject: {fileID: 1622671598867647609}
  m_LocalRotation: {x: -0, y: -0.000000007450578, z: 0.40114808, w: 0.91601324}
  m_LocalPosition: {x: -1.06, y: -6.32, z: 0}
  m_LocalScale: {x: 2.2874, y: 2.2874, z: 0.41086277}
  m_Children: []
  m_Father: {fileID: 3412149584582755103}
  m_RootOrder: 2
  m_LocalEulerAnglesHint: {x: 0, y: 0, z: 47.300003}
--- !u!33 &8941928515575561125
MeshFilter:
  m_ObjectHideFlags: 0
  m_CorrespondingSourceObject: {fileID: 0}
  m_PrefabInstance: {fileID: 0}
  m_PrefabAsset: {fileID: 0}
  m_GameObject: {fileID: 1622671598867647609}
  m_Mesh: {fileID: 10202, guid: 0000000000000000e000000000000000, type: 0}
--- !u!23 &3120434288043749799
MeshRenderer:
  m_ObjectHideFlags: 0
  m_CorrespondingSourceObject: {fileID: 0}
  m_PrefabInstance: {fileID: 0}
  m_PrefabAsset: {fileID: 0}
  m_GameObject: {fileID: 1622671598867647609}
  m_Enabled: 1
  m_CastShadows: 1
  m_ReceiveShadows: 1
  m_DynamicOccludee: 1
  m_MotionVectors: 1
  m_LightProbeUsage: 1
  m_ReflectionProbeUsage: 1
  m_RayTracingMode: 2
  m_RenderingLayerMask: 1
  m_RendererPriority: 0
  m_Materials:
  - {fileID: 2100000, guid: 4cdbfd450ef0e8e41a0e3b8effabe8d2, type: 2}
  m_StaticBatchInfo:
    firstSubMesh: 0
    subMeshCount: 0
  m_StaticBatchRoot: {fileID: 0}
  m_ProbeAnchor: {fileID: 0}
  m_LightProbeVolumeOverride: {fileID: 0}
  m_ScaleInLightmap: 1
  m_ReceiveGI: 1
  m_PreserveUVs: 0
  m_IgnoreNormalsForChartDetection: 0
  m_ImportantGI: 0
  m_StitchLightmapSeams: 1
  m_SelectedEditorRenderState: 3
  m_MinimumChartSize: 4
  m_AutoUVMaxDistance: 0.5
  m_AutoUVMaxAngle: 89
  m_LightmapParameters: {fileID: 0}
  m_SortingLayerID: 0
  m_SortingLayer: 0
  m_SortingOrder: 0
--- !u!65 &9154641022750806486
BoxCollider:
  m_ObjectHideFlags: 0
  m_CorrespondingSourceObject: {fileID: 0}
  m_PrefabInstance: {fileID: 0}
  m_PrefabAsset: {fileID: 0}
  m_GameObject: {fileID: 1622671598867647609}
  m_Material: {fileID: 0}
  m_IsTrigger: 0
  m_Enabled: 1
  serializedVersion: 2
  m_Size: {x: 0.9999999, y: 1.0000001, z: 0.99999976}
  m_Center: {x: 0, y: 0, z: 0}
--- !u!1 &1934251073561400636
GameObject:
  m_ObjectHideFlags: 0
  m_CorrespondingSourceObject: {fileID: 0}
  m_PrefabInstance: {fileID: 0}
  m_PrefabAsset: {fileID: 0}
  serializedVersion: 6
  m_Component:
  - component: {fileID: 3361659064940110731}
  - component: {fileID: 8174404002440382534}
  - component: {fileID: 5284102770997474211}
  - component: {fileID: 3960242305536461381}
  m_Layer: 0
  m_Name: Cube (1)
  m_TagString: Untagged
  m_Icon: {fileID: 0}
  m_NavMeshLayer: 0
  m_StaticEditorFlags: 0
  m_IsActive: 1
--- !u!4 &3361659064940110731
Transform:
  m_ObjectHideFlags: 0
  m_CorrespondingSourceObject: {fileID: 0}
  m_PrefabInstance: {fileID: 0}
  m_PrefabAsset: {fileID: 0}
  m_GameObject: {fileID: 1934251073561400636}
  m_LocalRotation: {x: -0, y: -0.000000007450578, z: 0.40114808, w: 0.91601324}
  m_LocalPosition: {x: 0.998, y: -6.283, z: 0.013}
  m_LocalScale: {x: 2.2874, y: 2.2874, z: 0.41086277}
  m_Children: []
  m_Father: {fileID: 3412149584582755103}
  m_RootOrder: 1
  m_LocalEulerAnglesHint: {x: 0, y: 0, z: 47.300003}
--- !u!33 &8174404002440382534
MeshFilter:
  m_ObjectHideFlags: 0
  m_CorrespondingSourceObject: {fileID: 0}
  m_PrefabInstance: {fileID: 0}
  m_PrefabAsset: {fileID: 0}
  m_GameObject: {fileID: 1934251073561400636}
  m_Mesh: {fileID: 10202, guid: 0000000000000000e000000000000000, type: 0}
--- !u!23 &5284102770997474211
MeshRenderer:
  m_ObjectHideFlags: 0
  m_CorrespondingSourceObject: {fileID: 0}
  m_PrefabInstance: {fileID: 0}
  m_PrefabAsset: {fileID: 0}
  m_GameObject: {fileID: 1934251073561400636}
  m_Enabled: 1
  m_CastShadows: 1
  m_ReceiveShadows: 1
  m_DynamicOccludee: 1
  m_MotionVectors: 1
  m_LightProbeUsage: 1
  m_ReflectionProbeUsage: 1
  m_RayTracingMode: 2
  m_RenderingLayerMask: 1
  m_RendererPriority: 0
  m_Materials:
  - {fileID: 2100000, guid: 4cdbfd450ef0e8e41a0e3b8effabe8d2, type: 2}
  m_StaticBatchInfo:
    firstSubMesh: 0
    subMeshCount: 0
  m_StaticBatchRoot: {fileID: 0}
  m_ProbeAnchor: {fileID: 0}
  m_LightProbeVolumeOverride: {fileID: 0}
  m_ScaleInLightmap: 1
  m_ReceiveGI: 1
  m_PreserveUVs: 0
  m_IgnoreNormalsForChartDetection: 0
  m_ImportantGI: 0
  m_StitchLightmapSeams: 1
  m_SelectedEditorRenderState: 3
  m_MinimumChartSize: 4
  m_AutoUVMaxDistance: 0.5
  m_AutoUVMaxAngle: 89
  m_LightmapParameters: {fileID: 0}
  m_SortingLayerID: 0
  m_SortingLayer: 0
  m_SortingOrder: 0
--- !u!65 &3960242305536461381
BoxCollider:
  m_ObjectHideFlags: 0
  m_CorrespondingSourceObject: {fileID: 0}
  m_PrefabInstance: {fileID: 0}
  m_PrefabAsset: {fileID: 0}
  m_GameObject: {fileID: 1934251073561400636}
  m_Material: {fileID: 0}
  m_IsTrigger: 0
  m_Enabled: 1
  serializedVersion: 2
  m_Size: {x: 0.9999999, y: 1.0000001, z: 0.99999976}
  m_Center: {x: 0, y: 0, z: 0}
--- !u!1 &3485188999263678211
GameObject:
  m_ObjectHideFlags: 0
  m_CorrespondingSourceObject: {fileID: 0}
  m_PrefabInstance: {fileID: 0}
  m_PrefabAsset: {fileID: 0}
  serializedVersion: 6
  m_Component:
  - component: {fileID: 6505264662368259004}
  - component: {fileID: 2727306238689802461}
  - component: {fileID: 2185857827888349952}
  - component: {fileID: 326246325875873062}
  m_Layer: 0
  m_Name: Cylinder
  m_TagString: Untagged
  m_Icon: {fileID: 0}
  m_NavMeshLayer: 0
  m_StaticEditorFlags: 0
  m_IsActive: 1
--- !u!4 &6505264662368259004
Transform:
  m_ObjectHideFlags: 0
  m_CorrespondingSourceObject: {fileID: 0}
  m_PrefabInstance: {fileID: 0}
  m_PrefabAsset: {fileID: 0}
  m_GameObject: {fileID: 3485188999263678211}
  m_LocalRotation: {x: 0, y: 0, z: 0, w: 1}
  m_LocalPosition: {x: -0, y: -2.78, z: 0}
  m_LocalScale: {x: 0.34046, y: 5.120261, z: 0.34046}
  m_Children: []
  m_Father: {fileID: 3412149584582755103}
  m_RootOrder: 0
  m_LocalEulerAnglesHint: {x: 0, y: 0, z: 0}
--- !u!33 &2727306238689802461
MeshFilter:
  m_ObjectHideFlags: 0
  m_CorrespondingSourceObject: {fileID: 0}
  m_PrefabInstance: {fileID: 0}
  m_PrefabAsset: {fileID: 0}
  m_GameObject: {fileID: 3485188999263678211}
  m_Mesh: {fileID: 10206, guid: 0000000000000000e000000000000000, type: 0}
--- !u!23 &2185857827888349952
MeshRenderer:
  m_ObjectHideFlags: 0
  m_CorrespondingSourceObject: {fileID: 0}
  m_PrefabInstance: {fileID: 0}
  m_PrefabAsset: {fileID: 0}
  m_GameObject: {fileID: 3485188999263678211}
  m_Enabled: 1
  m_CastShadows: 1
  m_ReceiveShadows: 1
  m_DynamicOccludee: 1
  m_MotionVectors: 1
  m_LightProbeUsage: 1
  m_ReflectionProbeUsage: 1
  m_RayTracingMode: 2
  m_RenderingLayerMask: 1
  m_RendererPriority: 0
  m_Materials:
  - {fileID: 2100000, guid: 4cdbfd450ef0e8e41a0e3b8effabe8d2, type: 2}
  m_StaticBatchInfo:
    firstSubMesh: 0
    subMeshCount: 0
  m_StaticBatchRoot: {fileID: 0}
  m_ProbeAnchor: {fileID: 0}
  m_LightProbeVolumeOverride: {fileID: 0}
  m_ScaleInLightmap: 1
  m_ReceiveGI: 1
  m_PreserveUVs: 0
  m_IgnoreNormalsForChartDetection: 0
  m_ImportantGI: 0
  m_StitchLightmapSeams: 1
  m_SelectedEditorRenderState: 3
  m_MinimumChartSize: 4
  m_AutoUVMaxDistance: 0.5
  m_AutoUVMaxAngle: 89
  m_LightmapParameters: {fileID: 0}
  m_SortingLayerID: 0
  m_SortingLayer: 0
  m_SortingOrder: 0
--- !u!136 &326246325875873062
CapsuleCollider:
  m_ObjectHideFlags: 0
  m_CorrespondingSourceObject: {fileID: 0}
  m_PrefabInstance: {fileID: 0}
  m_PrefabAsset: {fileID: 0}
  m_GameObject: {fileID: 3485188999263678211}
  m_Material: {fileID: 0}
  m_IsTrigger: 0
  m_Enabled: 1
  m_Radius: 0.50000334
  m_Height: 2.0000014
  m_Direction: 1
  m_Center: {x: 0.0000014901162, y: -0.00000035762787, z: -0.0000001490116}
--- !u!1001 &847012564424122857
PrefabInstance:
  m_ObjectHideFlags: 0
  serializedVersion: 2
  m_Modification:
    m_TransformParent: {fileID: 0}
    m_Modifications:
    - target: {fileID: 1199422008294794251, guid: ad8a7b7d14785ed4b9c144a0640ea6bd,
        type: 3}
      propertyPath: m_ConnectedAnchor.x
      value: 0.07704318
      objectReference: {fileID: 0}
    - target: {fileID: 1199422008294794251, guid: ad8a7b7d14785ed4b9c144a0640ea6bd,
        type: 3}
      propertyPath: m_ConnectedAnchor.y
      value: 0.3415108
      objectReference: {fileID: 0}
    - target: {fileID: 1199422008294794251, guid: ad8a7b7d14785ed4b9c144a0640ea6bd,
        type: 3}
      propertyPath: m_ConnectedAnchor.z
      value: 0.09829221
      objectReference: {fileID: 0}
    - target: {fileID: 7047794612639851353, guid: ad8a7b7d14785ed4b9c144a0640ea6bd,
        type: 3}
      propertyPath: m_ConnectedAnchor.x
      value: 0.51916945
      objectReference: {fileID: 0}
    - target: {fileID: 7047794612639851353, guid: ad8a7b7d14785ed4b9c144a0640ea6bd,
        type: 3}
      propertyPath: m_ConnectedAnchor.y
      value: 0.11197463
      objectReference: {fileID: 0}
    - target: {fileID: 7047794612639851353, guid: ad8a7b7d14785ed4b9c144a0640ea6bd,
        type: 3}
      propertyPath: m_ConnectedAnchor.z
      value: -0.119882345
      objectReference: {fileID: 0}
    - target: {fileID: 7047794612723540368, guid: ad8a7b7d14785ed4b9c144a0640ea6bd,
        type: 3}
      propertyPath: m_Name
      value: enemy 2.1 axe
      objectReference: {fileID: 0}
    - target: {fileID: 7047794612723540370, guid: ad8a7b7d14785ed4b9c144a0640ea6bd,
        type: 3}
      propertyPath: m_ConnectedAnchor.x
      value: 0.0011454016
      objectReference: {fileID: 0}
    - target: {fileID: 7047794612723540370, guid: ad8a7b7d14785ed4b9c144a0640ea6bd,
        type: 3}
      propertyPath: m_ConnectedAnchor.y
      value: 0.09722851
      objectReference: {fileID: 0}
    - target: {fileID: 7047794612723540370, guid: ad8a7b7d14785ed4b9c144a0640ea6bd,
        type: 3}
      propertyPath: m_ConnectedAnchor.z
      value: -0.00841191
      objectReference: {fileID: 0}
    - target: {fileID: 7047794612723540371, guid: ad8a7b7d14785ed4b9c144a0640ea6bd,
        type: 3}
      propertyPath: m_LocalPosition.x
      value: 0
      objectReference: {fileID: 0}
    - target: {fileID: 7047794612723540371, guid: ad8a7b7d14785ed4b9c144a0640ea6bd,
        type: 3}
      propertyPath: m_LocalPosition.y
      value: 0
      objectReference: {fileID: 0}
    - target: {fileID: 7047794612723540371, guid: ad8a7b7d14785ed4b9c144a0640ea6bd,
        type: 3}
      propertyPath: m_LocalPosition.z
      value: 0
      objectReference: {fileID: 0}
    - target: {fileID: 7047794612723540371, guid: ad8a7b7d14785ed4b9c144a0640ea6bd,
        type: 3}
      propertyPath: m_LocalRotation.x
      value: 0.04314008
      objectReference: {fileID: 0}
    - target: {fileID: 7047794612723540371, guid: ad8a7b7d14785ed4b9c144a0640ea6bd,
        type: 3}
      propertyPath: m_LocalRotation.y
      value: 0.00080047426
      objectReference: {fileID: 0}
    - target: {fileID: 7047794612723540371, guid: ad8a7b7d14785ed4b9c144a0640ea6bd,
        type: 3}
      propertyPath: m_LocalRotation.z
      value: 0.0058389343
      objectReference: {fileID: 0}
    - target: {fileID: 7047794612723540371, guid: ad8a7b7d14785ed4b9c144a0640ea6bd,
        type: 3}
      propertyPath: m_LocalRotation.w
      value: -0.9990517
      objectReference: {fileID: 0}
    - target: {fileID: 7047794612723540371, guid: ad8a7b7d14785ed4b9c144a0640ea6bd,
        type: 3}
      propertyPath: m_RootOrder
      value: 0
      objectReference: {fileID: 0}
    - target: {fileID: 7047794612723540371, guid: ad8a7b7d14785ed4b9c144a0640ea6bd,
        type: 3}
      propertyPath: m_LocalEulerAnglesHint.x
      value: -175.055
      objectReference: {fileID: 0}
    - target: {fileID: 7047794612723540371, guid: ad8a7b7d14785ed4b9c144a0640ea6bd,
        type: 3}
      propertyPath: m_LocalEulerAnglesHint.y
      value: 2699.937
      objectReference: {fileID: 0}
    - target: {fileID: 7047794612723540371, guid: ad8a7b7d14785ed4b9c144a0640ea6bd,
        type: 3}
      propertyPath: m_LocalEulerAnglesHint.z
      value: -180.667
      objectReference: {fileID: 0}
    - target: {fileID: 7047794612723540372, guid: ad8a7b7d14785ed4b9c144a0640ea6bd,
        type: 3}
      propertyPath: m_Enabled
      value: 0
      objectReference: {fileID: 0}
    - target: {fileID: 7047794612982239214, guid: ad8a7b7d14785ed4b9c144a0640ea6bd,
        type: 3}
      propertyPath: m_ConnectedAnchor.x
      value: 0.13598584
      objectReference: {fileID: 0}
    - target: {fileID: 7047794612982239214, guid: ad8a7b7d14785ed4b9c144a0640ea6bd,
        type: 3}
      propertyPath: m_ConnectedAnchor.y
      value: -0.9564467
      objectReference: {fileID: 0}
    - target: {fileID: 7047794612982239214, guid: ad8a7b7d14785ed4b9c144a0640ea6bd,
        type: 3}
      propertyPath: m_ConnectedAnchor.z
      value: -0.13998954
      objectReference: {fileID: 0}
    - target: {fileID: 7047794613156781194, guid: ad8a7b7d14785ed4b9c144a0640ea6bd,
        type: 3}
      propertyPath: m_ConnectedAnchor.x
      value: -0.0057733674
      objectReference: {fileID: 0}
    - target: {fileID: 7047794613156781194, guid: ad8a7b7d14785ed4b9c144a0640ea6bd,
        type: 3}
      propertyPath: m_ConnectedAnchor.z
      value: 0.043450747
      objectReference: {fileID: 0}
    - target: {fileID: 7047794613424789778, guid: ad8a7b7d14785ed4b9c144a0640ea6bd,
        type: 3}
      propertyPath: m_ConnectedAnchor.x
      value: 0.4436532
      objectReference: {fileID: 0}
    - target: {fileID: 7047794613424789778, guid: ad8a7b7d14785ed4b9c144a0640ea6bd,
        type: 3}
      propertyPath: m_ConnectedAnchor.y
      value: 0.035951767
      objectReference: {fileID: 0}
    - target: {fileID: 7047794613424789778, guid: ad8a7b7d14785ed4b9c144a0640ea6bd,
        type: 3}
      propertyPath: m_ConnectedAnchor.z
      value: -0.0001181409
      objectReference: {fileID: 0}
    - target: {fileID: 7047794613489573435, guid: ad8a7b7d14785ed4b9c144a0640ea6bd,
        type: 3}
      propertyPath: m_ConnectedAnchor.x
      value: 0.056327656
      objectReference: {fileID: 0}
    - target: {fileID: 7047794613489573435, guid: ad8a7b7d14785ed4b9c144a0640ea6bd,
        type: 3}
      propertyPath: m_ConnectedAnchor.y
      value: -0.6172755
      objectReference: {fileID: 0}
    - target: {fileID: 7047794613489573435, guid: ad8a7b7d14785ed4b9c144a0640ea6bd,
        type: 3}
      propertyPath: m_ConnectedAnchor.z
      value: -0.0069139977
      objectReference: {fileID: 0}
    - target: {fileID: 7047794613626003644, guid: ad8a7b7d14785ed4b9c144a0640ea6bd,
        type: 3}
      propertyPath: m_ConnectedAnchor.x
      value: -0.25138995
      objectReference: {fileID: 0}
    - target: {fileID: 7047794613626003644, guid: ad8a7b7d14785ed4b9c144a0640ea6bd,
        type: 3}
      propertyPath: m_ConnectedAnchor.y
      value: -0.32098368
      objectReference: {fileID: 0}
    - target: {fileID: 7047794613626003644, guid: ad8a7b7d14785ed4b9c144a0640ea6bd,
        type: 3}
      propertyPath: m_ConnectedAnchor.z
      value: -0.032805163
      objectReference: {fileID: 0}
    - target: {fileID: 7047794613627066735, guid: ad8a7b7d14785ed4b9c144a0640ea6bd,
        type: 3}
      propertyPath: m_ConnectedAnchor.x
      value: -0.020606428
      objectReference: {fileID: 0}
    - target: {fileID: 7047794613627066735, guid: ad8a7b7d14785ed4b9c144a0640ea6bd,
        type: 3}
      propertyPath: m_ConnectedAnchor.y
      value: -0.17650321
      objectReference: {fileID: 0}
    - target: {fileID: 7047794613627066735, guid: ad8a7b7d14785ed4b9c144a0640ea6bd,
        type: 3}
      propertyPath: m_ConnectedAnchor.z
      value: -0.020755857
      objectReference: {fileID: 0}
    - target: {fileID: 7047794614054833969, guid: ad8a7b7d14785ed4b9c144a0640ea6bd,
        type: 3}
      propertyPath: m_ConnectedAnchor.x
      value: -0.009908594
      objectReference: {fileID: 0}
    - target: {fileID: 7047794614116316060, guid: ad8a7b7d14785ed4b9c144a0640ea6bd,
        type: 3}
      propertyPath: m_ConnectedAnchor.x
      value: 0.015381082
      objectReference: {fileID: 0}
    - target: {fileID: 7047794614116316060, guid: ad8a7b7d14785ed4b9c144a0640ea6bd,
        type: 3}
      propertyPath: m_ConnectedAnchor.y
      value: -0.61727405
      objectReference: {fileID: 0}
    - target: {fileID: 7047794614116316060, guid: ad8a7b7d14785ed4b9c144a0640ea6bd,
        type: 3}
      propertyPath: m_ConnectedAnchor.z
      value: -0.0069137583
      objectReference: {fileID: 0}
    - target: {fileID: 7047794614117575256, guid: ad8a7b7d14785ed4b9c144a0640ea6bd,
        type: 3}
      propertyPath: m_ConnectedAnchor.x
      value: 0.22161841
      objectReference: {fileID: 0}
    - target: {fileID: 7047794614117575256, guid: ad8a7b7d14785ed4b9c144a0640ea6bd,
        type: 3}
      propertyPath: m_ConnectedAnchor.y
      value: -0.2970457
      objectReference: {fileID: 0}
    - target: {fileID: 7047794614117575256, guid: ad8a7b7d14785ed4b9c144a0640ea6bd,
        type: 3}
      propertyPath: m_ConnectedAnchor.z
      value: -0.03332345
      objectReference: {fileID: 0}
    - target: {fileID: 7047794614236126591, guid: ad8a7b7d14785ed4b9c144a0640ea6bd,
        type: 3}
      propertyPath: m_ConnectedAnchor.x
      value: 0.44365495
      objectReference: {fileID: 0}
    - target: {fileID: 7047794614236126591, guid: ad8a7b7d14785ed4b9c144a0640ea6bd,
        type: 3}
      propertyPath: m_ConnectedAnchor.y
      value: 0.035952266
      objectReference: {fileID: 0}
    - target: {fileID: 7047794614236126591, guid: ad8a7b7d14785ed4b9c144a0640ea6bd,
        type: 3}
      propertyPath: m_ConnectedAnchor.z
      value: -0.00010790727
      objectReference: {fileID: 0}
    - target: {fileID: 7047794614597216165, guid: ad8a7b7d14785ed4b9c144a0640ea6bd,
        type: 3}
      propertyPath: m_ConnectedAnchor.x
      value: -0.005624226
      objectReference: {fileID: 0}
    - target: {fileID: 7047794614597216165, guid: ad8a7b7d14785ed4b9c144a0640ea6bd,
        type: 3}
      propertyPath: m_ConnectedAnchor.y
      value: 0.7199498
      objectReference: {fileID: 0}
    - target: {fileID: 7047794614597216165, guid: ad8a7b7d14785ed4b9c144a0640ea6bd,
        type: 3}
      propertyPath: m_ConnectedAnchor.z
      value: 0.041805726
      objectReference: {fileID: 0}
    - target: {fileID: 7047794614637535115, guid: ad8a7b7d14785ed4b9c144a0640ea6bd,
        type: 3}
      propertyPath: m_ConnectedAnchor.x
      value: 0.13598754
      objectReference: {fileID: 0}
    - target: {fileID: 7047794614637535115, guid: ad8a7b7d14785ed4b9c144a0640ea6bd,
        type: 3}
      propertyPath: m_ConnectedAnchor.y
      value: -0.9564345
      objectReference: {fileID: 0}
    - target: {fileID: 7047794614637535115, guid: ad8a7b7d14785ed4b9c144a0640ea6bd,
        type: 3}
      propertyPath: m_ConnectedAnchor.z
      value: -0.13998985
      objectReference: {fileID: 0}
    - target: {fileID: 7047794614657630812, guid: ad8a7b7d14785ed4b9c144a0640ea6bd,
        type: 3}
      propertyPath: m_ConnectedAnchor.x
      value: -0.40937796
      objectReference: {fileID: 0}
    - target: {fileID: 7047794614657630812, guid: ad8a7b7d14785ed4b9c144a0640ea6bd,
        type: 3}
      propertyPath: m_ConnectedAnchor.y
      value: -0.015866574
      objectReference: {fileID: 0}
    - target: {fileID: 7047794614657630812, guid: ad8a7b7d14785ed4b9c144a0640ea6bd,
        type: 3}
      propertyPath: m_ConnectedAnchor.z
      value: -0.1145859
      objectReference: {fileID: 0}
    m_RemovedComponents:
    - {fileID: 7047794612723540372, guid: ad8a7b7d14785ed4b9c144a0640ea6bd, type: 3}
  m_SourcePrefab: {fileID: 100100000, guid: ad8a7b7d14785ed4b9c144a0640ea6bd, type: 3}
--- !u!4 &7642602713501105761 stripped
Transform:
  m_CorrespondingSourceObject: {fileID: 7047794614637535112, guid: ad8a7b7d14785ed4b9c144a0640ea6bd,
    type: 3}
  m_PrefabInstance: {fileID: 847012564424122857}
  m_PrefabAsset: {fileID: 0}
